<record><leader>00000cas a22000007a 4500</leader><controlfield tag="001">20952281</controlfield><controlfield tag="008">900124d19391982mouwr ne      0    0ger d</controlfield><datafield ind1=" " ind2=" " tag="010"><subfield code="a">sn 90061153 </subfield></datafield><datafield ind1=" " ind2=" " tag="040"><subfield code="a">MQN</subfield><subfield code="b">eng</subfield><subfield code="c">MQN</subfield><subfield code="d">CRL</subfield><subfield code="d">MQN</subfield><subfield code="d">OCLCQ</subfield><subfield code="d">UKMGB</subfield></datafield><datafield ind1="7" ind2=" " tag="016"><subfield code="a">007166690</subfield><subfield code="2">Uk</subfield></datafield><datafield ind1="0" ind2=" " tag="041"><subfield code="a">gereng</subfield></datafield><datafield ind1=" " ind2=" " tag="043"><subfield code="a">n-us-mo</subfield></datafield><datafield ind1="0" ind2="0" tag="245"><subfield code="a">Deutsche Wochen Schrift.</subfield></datafield><datafield ind1="3" ind2="0" tag="246"><subfield code="a">Deutsche Wochenschrift</subfield></datafield><datafield ind1=" " ind2=" " tag="260"><subfield code="a">St. Louis, Mo. :</subfield><subfield code="b">Eugen Geissler</subfield></datafield><datafield ind1=" " ind2=" " tag="300"><subfield code="a">v.</subfield></datafield><datafield ind1=" " ind2=" " tag="310"><subfield code="a">Weekly</subfield></datafield><datafield ind1="0" ind2=" " tag="362"><subfield code="a">-v. 44, no. 28 (May 28, 1982).</subfield></datafield><datafield ind1=" " ind2=" " tag="546"><subfield code="a">In German, with some English.</subfield></datafield><datafield ind1=" " ind2=" " tag="580"><subfield code="a">Merged with several other German American newspapers to form: Amerika Woche.</subfield></datafield><datafield ind1=" " ind2=" " tag="588"><subfield code="a">Description based on: 7. Jahrg., no. 18 (8. Feb. 1945).</subfield></datafield><datafield ind1=" " ind2="0" tag="650"><subfield code="a">Germans</subfield><subfield code="z">Missouri</subfield><subfield code="v">Newspapers.</subfield></datafield><datafield ind1=" " ind2=" " tag="752"><subfield code="a">United States</subfield><subfield code="b">Missouri</subfield><subfield code="d">Saint Louis.</subfield></datafield><datafield ind1="1" ind2="7" tag="785"><subfield code="t">Amerika Woche</subfield><subfield code="w">(DLC)sn 83007175</subfield><subfield code="w">(OCoLC)9328374</subfield></datafield></record>